@book{serdyuk2007methods,
  title={Methods in molecular biophysics: structure, dynamics, function},
  author={Serdyuk, Igor N and Zaccai, Nathan R and Zaccai, Joseph},
  year={2007},
  publisher={Cambridge University Press}
}